% Encoding: UTF-8

@Article{howell82,
  author =  {Howell, IN and Kolodny, Irving},
  title =   {IEEE recommended practice for grounding of industrial and commercial power systems},
  journal = {Published by the institute of electrical and electronics engineers},
  year =    {1982},
  pages =   {17--46}
}

@Article{montiel2005,
  author =  {J. Guerrero and A. Montiel.},
  title =   {Sistemas de Puesta a Tierra para los sistemas de Telecomunicaciones},
  journal = {Revista de ingeniería, Universidad de Carabobo},
  year =    {2005}
}

@Article{bautista2015,
  author =  {M. Bautista},
  title =   {Sistemas de puesta a tierra},
  journal = {PROCOBRE, Centro Méxicano de Promoción del Cobre},
  year =    {2015}
}

@book{freeman2006radio,
  title={Radio system design for telecommunication},
  author={Freeman, Roger L},
  volume={98},
  year={2006},
  publisher={John Wiley \& Sons}
}

@BOOK {arthur,
    author    = "Arthur L. Albert",
    title     = "Electrónica y Dispositivos Electrónicos",
    publisher = "Editorial Reverté",
    year      = "2005"
}
@BOOK {poh,
    author    = "Irving M. Gottlieb P.E.",
    title     = "Practical Oscillator Handbook",
    publisher = "Newnes",
    year      = "2004"
}
@BOOK {grecia,
    author    = "Grecia Romero",
    title     = "Fundamentos Teóricos-Prácticos de Instrumentación Electrónica",
    publisher = "Universidad de Carabobo",
    year      = "2010"
}

@BOOK {boylestad,
    author    = "Boylestad. Robert L",
    title     = "Introducción al Análisis de Circuitos",
    publisher = "Pearson Education",
    year      = "2004"
}

@BOOK {pozar,
    author    = "Pozar. David M",
    title     = "Microwave Engineering",
    publisher = "John Wiley and Sons, Inc.",
    year      = "2005"
}

@BOOK {sadiku,
    author    = "M. Sadiku",
    title     = "Elements of Electromagnetics",
    publisher = "Oxford University Press",
    year      = "2010"
}

@BOOK {resistores,
    author    = "Grupo de Investigación en Sistemas de Potencia",
    title     = "Resistencias",
    publisher = "Universidad Francisco José de Caldas \href{http://gemini.udistrital.edu.co/comunidad/grupos/gispud/RAIZDC/contenidoprogramatico/capitulo2/resistemcias.html}{Recurso Online} Revisado: 10/04/16",
    year      = "2015"
}
@BOOK {tesis,
    author    = "R. Márquez y R. Ustariz",
    title     = "Elaboración de un Material Educativo Teórico-Práctico para el Laboratorio de Diseño de Circuitos de Comunicaciones",
    publisher = "Universidad de Carabobo",
    year      = "2015"
}

@BOOK {radiomobile,
    author    = "Radio Mobile",
    title     = "About Radio Mobile",
    publisher = "$http://www.cplus.org/rmw/rme.html$",
    year      = "2002"
}